@article{kamnitzer2020hamiltonian,
  title={Hamiltonian reduction for affine {Grassmannian} slices and truncated shifted {Yangians}},
  author={Kamnitzer, Joel and Pham, Khoa and Weekes, Alex},
  journal={arXiv preprint arXiv:2009.11791},
  year={2020}
}
@article{baumann2019mirkovic,
  title={The {Mirkovic--Vilonen} basis and {Duistermaat--Heckman} measures},
  author={Baumann, Pierre and Kamnitzer, Joel and Knutson, Allen},
  journal={arXiv preprint arXiv:1905.08460},
  year={2019}
}
@article{berenstein2006geometric,
  title={Geometric and unipotent crystals II: from unipotent bicrystals to crystal bases},
  author={Berenstein, Arkady and Kazhdan, David},
  journal={arXiv preprint math/0601391},
  year={2006}
}
@article{berenstein1996canonical,
  title={Canonical bases for the quantum group of type Ar and piecewise-linear combinatorics},
  author={Berenstein, Arkady and Zelevinsky, Andrei and others},
  journal={Duke Mathematical Journal},
  volume={82},
  number={3},
  pages={473--502},
  year={1996},
  publisher={Durham, NC: Duke University Press, 1935-}
}
@article{berenstein2005quantum,
  title={Quantum cluster algebras},
  author={Berenstein, Arkady and Zelevinsky, Andrei},
  journal={Advances in Mathematics},
  volume={195},
  number={2},
  pages={405--455},
  year={2005},
  publisher={Elsevier}
}
@article{losev2011finite,
  title={Finite-dimensional representations of {$W$}-algebras},
  author={Losev, Ivan and others},
  journal={Duke Mathematical Journal},
  volume={159},
  number={1},
  pages={99--143},
  year={2011},
  publisher={Duke University Press}
}
@article{losev2010quantized,
  title={Quantized symplectic actions and {$W$}-algebras},
  author={Losev, Ivan},
  journal={Journal of the American Mathematical Society},
  volume={23},
  number={1},
  pages={35--59},
  year={2010}
}
@inproceedings{losev2010finite,
  title={Finite $W$-algebras},
  author={Losev, Ivan},
  booktitle={Proceedings of the International Congress of Mathematicians 2010 (ICM 2010) (In 4 Volumes) Vol. I: Plenary Lectures and Ceremonies Vols. II--IV: Invited Lectures},
  pages={1281--1307},
  year={2010},
  organization={World Scientific}
}
@article{brundan2006shifted,
  title={Shifted {Yangians} and finite {$W$}-algebras},
  author={Brundan, Jonathan and Kleshchev, Alexander},
  journal={Advances in Mathematics},
  volume={200},
  number={1},
  pages={136--195},
  year={2006},
  publisher={Elsevier}
}
@article{brundan2009blocks,
  title={Blocks of cyclotomic {Hecke} algebras and {Khovanov--Lauda} algebras},
  author={Brundan, Jonathan and Kleshchev, Alexander},
  journal={Inventiones mathematicae},
  volume={178},
  number={3},
  pages={451},
  year={2009},
  publisher={Springer}
}
@article{kamnitzer2019category,
  title={On category {$\mathcal O$} for affine {Grassmannian} slices and categorified tensor products},
  author={Kamnitzer, Joel and Tingley, Peter and Webster, Ben and Weekes, Alex and Yacobi, Oded},
  journal={Proceedings of the London Mathematical Society},
  volume={119},
  number={5},
  pages={1179--1233},
  year={2019},
  publisher={Wiley Online Library}
}